<record xmlns='http://www.loc.gov/MARC21/slim'><leader>01519cgm a2200385 a 4500</leader><controlfield tag='001'>3443074</controlfield><controlfield tag='005'>20141221052715.0</controlfield><controlfield tag='007'>vf|cbahos</controlfield><controlfield tag='008'>950420s1984    xx 085 e          vleng d</controlfield><datafield ind1=' ' ind2=' ' tag='035'><subfield code='a'>(NIC)notisARP6830</subfield></datafield><datafield ind1=' ' ind2=' ' tag='035'><subfield code='a'>(OCoLC)41918761</subfield></datafield><datafield ind1=' ' ind2=' ' tag='035'><subfield code='a'>3443074</subfield></datafield><datafield ind1=' ' ind2=' ' tag='040'><subfield code='a'>NIC</subfield><subfield code='c'>NIC</subfield><subfield code='d'>NIC</subfield></datafield><datafield ind1=' ' ind2=' ' tag='043'><subfield code='a'>f------</subfield><subfield code='a'>n-us---</subfield></datafield><datafield ind1='0' ind2='0' tag='245'><subfield code='a'>Blacks in science</subfield><subfield code='h'>[videorecording] /</subfield><subfield code='c'>[Cornell University, Africana Studies and Research Center].</subfield></datafield><datafield ind1=' ' ind2=' ' tag='260'><subfield code='c'>[1984]</subfield></datafield><datafield ind1=' ' ind2=' ' tag='300'><subfield code='a'>1 videocassette (85 min.) :</subfield><subfield code='b'>sd., col. ;</subfield><subfield code='c'>1/2 in.</subfield></datafield><datafield ind1=' ' ind2=' ' tag='538'><subfield code='a'>VHS.</subfield></datafield><datafield ind1=' ' ind2=' ' tag='500'><subfield code='a'>Title from videocassette label.</subfield></datafield><datafield ind1='0' ind2=' ' tag='511'><subfield code='a'>Speaker, Ivan Van Sertima.</subfield></datafield><datafield ind1=' ' ind2=' ' tag='520'><subfield code='a'>Ivan Van Sertima discusses the myths of Africans in science and anthropology.  He also talks about Black inventors and modern inventions by Blacks.</subfield></datafield><datafield ind1=' ' ind2='0' tag='650'><subfield code='a'>Science</subfield><subfield code='z'>Africa</subfield><subfield code='x'>History.</subfield></datafield><datafield ind1=' ' ind2='0' tag='650'><subfield code='a'>African American scientists</subfield><subfield code='z'>United States.</subfield></datafield><datafield ind1=' ' ind2='0' tag='650'><subfield code='a'>African American inventors</subfield><subfield code='z'>United States.</subfield></datafield><datafield ind1=' ' ind2='7' tag='650'><subfield code='a'>African American inventors</subfield><subfield code='2'>fast</subfield><subfield code='0'>(OCoLC)fst00799205</subfield></datafield><datafield ind1=' ' ind2='7' tag='650'><subfield code='a'>African American scientists</subfield><subfield code='2'>fast</subfield><subfield code='0'>(OCoLC)fst00799349</subfield></datafield><datafield ind1=' ' ind2='7' tag='650'><subfield code='a'>Science</subfield><subfield code='2'>fast</subfield><subfield code='0'>(OCoLC)fst01108176</subfield></datafield><datafield ind1=' ' ind2='7' tag='651'><subfield code='a'>Africa</subfield><subfield code='2'>fast</subfield><subfield code='0'>(OCoLC)fst01239509</subfield></datafield><datafield ind1=' ' ind2='7' tag='651'><subfield code='a'>United States</subfield><subfield code='2'>fast</subfield><subfield code='0'>(OCoLC)fst01204155</subfield></datafield><datafield ind1=' ' ind2='7' tag='655'><subfield code='a'>History</subfield><subfield code='2'>fast</subfield><subfield code='0'>(OCoLC)fst01411628</subfield></datafield><datafield ind1='1' ind2=' ' tag='700'><subfield code='a'>Van Sertima, Ivan.</subfield></datafield><datafield ind1='2' ind2=' ' tag='710'><subfield code='a'>Cornell University.</subfield><subfield code='b'>Africana Studies and Research Center.</subfield></datafield><datafield ind1=' ' ind2=' ' tag='905'><subfield code='a'>19990517120000.0</subfield></datafield><datafield ind1='2' ind2=' ' tag='948'><subfield code='a'>20030626</subfield><subfield code='b'>a</subfield><subfield code='d'>sok1</subfield><subfield code='e'>lts</subfield></datafield><datafield ind1='2' ind2=' ' tag='948'><subfield code='a'>20141220</subfield><subfield code='b'>m</subfield><subfield code='d'>batch</subfield><subfield code='e'>lts</subfield><subfield code='x'>addfast</subfield></datafield></record>